<mx:record xmlns="http://www.w3.org/TR/xhtml1/strict" xmlns:mx="http://www.loc.gov/MARC21/slim" xmlns:xsi="http://www.w3.org/2001/XMLSchema-instance"><mx:leader>00000cz   2200000n  4500</mx:leader><mx:controlfield tag="001">oca00414376 </mx:controlfield><mx:controlfield tag="005">20050218071453.0</mx:controlfield><mx:controlfield tag="008">800522n| acannaabn          |a aaa      </mx:controlfield><mx:datafield ind1=" " ind2=" " tag="010"><mx:subfield code="a">n  80032173 </mx:subfield></mx:datafield><mx:datafield ind1=" " ind2=" " tag="040"><mx:subfield code="a">DLC</mx:subfield><mx:subfield code="b">eng</mx:subfield><mx:subfield code="c">DLC</mx:subfield><mx:subfield code="d">DLC</mx:subfield><mx:subfield code="d">CtY-BR</mx:subfield><mx:subfield code="d">DLC</mx:subfield><mx:subfield code="d">OCoLC</mx:subfield><mx:subfield code="d">MoSU</mx:subfield></mx:datafield><mx:datafield ind1="0" ind2=" " tag="100"><mx:subfield code="a">John,</mx:subfield><mx:subfield code="c">of Damascus, Saint</mx:subfield></mx:datafield><mx:datafield ind1="0" ind2=" " tag="400"><mx:subfield code="a">Joannes,</mx:subfield><mx:subfield code="c">of Damascus, Saint</mx:subfield><mx:subfield code="w">nna</mx:subfield></mx:datafield><mx:datafield ind1="0" ind2=" " tag="400"><mx:subfield code="a">Johannes,</mx:subfield><mx:subfield code="c">von Damaskus, Saint</mx:subfield></mx:datafield><mx:datafield ind1="0" ind2=" " tag="400"><mx:subfield code="a">Johannes,</mx:subfield><mx:subfield code="c">Damascenus, Saint</mx:subfield></mx:datafield><mx:datafield ind1="0" ind2=" " tag="400"><mx:subfield code="a">Ioann,</mx:subfield><mx:subfield code="c">of Damascus, Saint</mx:subfield></mx:datafield><mx:datafield ind1="0" ind2=" " tag="400"><mx:subfield code="a">Jean,</mx:subfield><mx:subfield code="c">Damascène, Saint</mx:subfield></mx:datafield><mx:datafield ind1="0" ind2=" " tag="400"><mx:subfield code="a">Johannes,</mx:subfield><mx:subfield code="c">den Damascener, Saint</mx:subfield></mx:datafield><mx:datafield ind1="0" ind2=" " tag="400"><mx:subfield code="a">Jan,</mx:subfield><mx:subfield code="c">van Damascus, Saint</mx:subfield></mx:datafield><mx:datafield ind1="0" ind2=" " tag="400"><mx:subfield code="a">Yanan ibn Mansur,</mx:subfield><mx:subfield code="c">Saint</mx:subfield></mx:datafield><mx:datafield ind1="0" ind2=" " tag="400"><mx:subfield code="a">Ioann,</mx:subfield><mx:subfield code="c">Damaskin, Saint</mx:subfield></mx:datafield><mx:datafield ind1="1" ind2=" " tag="400"><mx:subfield code="a">Iōannēs, Damaskēnos,</mx:subfield><mx:subfield code="c">Saint</mx:subfield></mx:datafield><mx:datafield ind1="0" ind2=" " tag="400"><mx:subfield code="a">Iōannēs Damaskēnos,</mx:subfield><mx:subfield code="c">Saint</mx:subfield></mx:datafield><mx:datafield ind1="0" ind2=" " tag="400"><mx:subfield code="a">Ioane Damaskeli,</mx:subfield><mx:subfield code="c">Saint</mx:subfield></mx:datafield><mx:datafield ind1="1" ind2=" " tag="400"><mx:subfield code="a">Giovanni, Damasceno,</mx:subfield><mx:subfield code="c">Saint</mx:subfield></mx:datafield><mx:datafield ind1="0" ind2=" " tag="400"><mx:subfield code="a">Johannes,</mx:subfield><mx:subfield code="c">von Damaskos, Saint</mx:subfield></mx:datafield><mx:datafield ind1="0" ind2=" " tag="400"><mx:subfield code="a">Yaḥyá ibn Sarjūn,</mx:subfield><mx:subfield code="c">Saint</mx:subfield></mx:datafield><mx:datafield ind1="1" ind2=" " tag="400"><mx:subfield code="a">Ibn Sarjūn, Yaḥyá,</mx:subfield><mx:subfield code="c">Saint</mx:subfield></mx:datafield><mx:datafield ind1="1" ind2=" " tag="400"><mx:subfield code="a">Yaḥyā ibn Sarǵun,</mx:subfield><mx:subfield code="c">Saint</mx:subfield></mx:datafield><mx:datafield ind1="1" ind2=" " tag="400"><mx:subfield code="a">Yuḥannā, al-Dimashqī,</mx:subfield><mx:subfield code="c">Saint</mx:subfield></mx:datafield><mx:datafield ind1="0" ind2=" " tag="400"><mx:subfield code="a">John Damascene,</mx:subfield><mx:subfield code="c">Saint</mx:subfield></mx:datafield><mx:datafield ind1="0" ind2=" " tag="400"><mx:subfield code="a">Ioannes Damascenus,</mx:subfield><mx:subfield code="c">Saint</mx:subfield></mx:datafield><mx:datafield ind1="0" ind2=" " tag="400"><mx:subfield code="a">Joannes Damascenus,</mx:subfield><mx:subfield code="c">Saint</mx:subfield></mx:datafield><mx:datafield ind1="0" ind2=" " tag="400"><mx:subfield code="a">Jovan Damaskin,</mx:subfield><mx:subfield code="c">Saint</mx:subfield></mx:datafield><mx:datafield ind1="0" ind2=" " tag="400"><mx:subfield code="a">Juan Damasceno,</mx:subfield><mx:subfield code="c">Saint</mx:subfield></mx:datafield><mx:datafield ind1=" " ind2=" " tag="670"><mx:subfield code="a">His Omelie cristologiche e mariane, 1980:</mx:subfield><mx:subfield code="b">t.p. (Giovanni Damasceno)</mx:subfield></mx:datafield><mx:datafield ind1=" " ind2=" " tag="670"><mx:subfield code="a">His Philosophische Kapitel, 1982:</mx:subfield><mx:subfield code="b">t.p. (Johannes von Damaskos)</mx:subfield></mx:datafield><mx:datafield ind1=" " ind2=" " tag="670"><mx:subfield code="a">Bustānī, F.A. Yaḥyá ibn Sarjūn, al-Qiddīs Yuḥannā al-Dimashqī, 1985:</mx:subfield><mx:subfield code="b">t.p. (Yaḥyá ibn Sarjūn, al-Qiddīs Yuḥannā al-Dimashqī) p. 7 (second set), etc. (b. 670,676 or 680?; d. 749?; Yaḥyā ibn Sarǵūn, Jean Damascène)</mx:subfield></mx:datafield><mx:datafield ind1=" " ind2=" " tag="670"><mx:subfield code="a">Horae in laudem beatissimae Virginis, secundum co[n]suetudinem Romanae Curiae, 1538</mx:subfield><mx:subfield code="b">t.p. (Ioannes Damascenus)</mx:subfield></mx:datafield><mx:datafield ind1=" " ind2=" " tag="670"><mx:subfield code="a">Praznične besede, 2002:</mx:subfield><mx:subfield code="b">t.p. (Sveti Jovan Damaskin)</mx:subfield></mx:datafield><mx:datafield ind1=" " ind2=" " tag="670"><mx:subfield code="a">Cath. encyc.</mx:subfield><mx:subfield code="b">(John Damascene, Saint; b. ca. 676; d. between 754-787)</mx:subfield></mx:datafield><mx:datafield ind1=" " ind2=" " tag="670"><mx:subfield code="a">Exposición de la fe, 2003:</mx:subfield><mx:subfield code="b">t.p. (Juan Damasceno)</mx:subfield></mx:datafield><mx:datafield ind1=" " ind2=" " tag="999"><mx:subfield code="a">50868.3863</mx:subfield></mx:datafield></mx:record>